2460 4380
287 240 348 335 ⁶0²
591 246 633 335 S.
665 172 881 364 Epiphmii

128 438 136 459 ‘
286 446 358 543 que
381 443 469 519 feria
492 443 537 518 ad
557 443 683 520 horam
700 468 814 544 nsque
831 468 984 534 nonam,
1007 440 1218 543 'exceptiu-

184 546 187 551 ’
287 546 544 641 quinquaginta
562 544 787 621 pentecostes
804 542 953 630 diebus,
978 546 1110 643 quibua
1125 552 1228 619 ned*

286 664 357 745 que
380 664 497 740 genua
521 642 735 730 lleduntur,
772 664 889 740 neque
903 643 1077 741 jejunium
1093 642 1191 718 indi·
1220 718 1228 743 ,Ι

285 745 388 816 citur.
424 743 494 817 Pro
509 741 583 816 illis
600 764 685 818 vero
704 743 952 841 conventibus,
980 744 1042 838 qui
1058 741 1106 816 ad
1120 741 1190 815 ho·
1226 818 1228 823 ,

283 860 362 931 ram
376 862 515 915 nonam
532 843 667 937 quartis
685 840 849 938 saxisque
874 840 973 917 feriis
995 838 1191 916 consueue-¹

282 951 369 1016 runt
385 939 583 1027 celebrare,
610 964 673 1038 per
694 941 777 1015 illos
798 938 877 1014 dies
894 939 1040 1039 perinde
1056 938 1191 1041 aedo·
1217 966 1224 1013 ,Ι

230 1092 233 1101 ·
281 1039 415 1116 mlniea
438 1038 497 1112 die
518 1033 706 1115 matutinae
728 1039 881 1136 synaxes
903 1040 1101 1116 obeuntur:
1126 1038 1195 1113 nel¹

284 1160 355 1225 uue
384 1158 470 1213 vero
494 1139 583 1213 totis
612 1137 686 1215 illis
718 1137 898 1214 duntaxat
926 1136 1220 1236 quinquaginta-1

282 1234 511 1313 Pentecostes
531 1236 658 1312 diebus
681 1233 815 1332 jejunia
832 1235 941 1324 fiant,
994 1236 1054 1311 led
1070 1240 1188 1337 neque
1203 1244 1209 1267 “·

201 1397 204 1402 .
283 1334 565 1431 Epiphanlarum
586 1337 663 1422 dle,
705 1355 778 1430 quo
795 1334 974 1411 Dominus
993 1334 1187 1413 secundani
1213 1376 1216 1385 ·

283 1455 428 1508 carnem
455 1450 563 1509 natus
588 1433 662 1522 eli,
706 1432 867 1531 jejunare
891 1434 998 1529 licet,
1045 1430 1194 1513 tament
1209 1434 1225 1475 '·

230 1584 234 1591 ·
282 1545 448 1628 quautam
473 1535 510 1607 in
533 1533 659 1607 leriam
677 1530 735 1608 vel
750 1532 886 1607 sextam
908 1534 1086 1609 inciderit
1116 1530 1187 1623 ‚At
1208 1556 1215 1595 -·

282 1636 344 1726 qui
367 1632 491 1727 pietati
511 1624 671 1727 student,
719 1633 862 1729 egregia
879 1630 1036 1729 quadam
1051 1653 1095 1706 aa
1113 1629 1186 1707 lau·
1215 1700 1219 1727 ‚

284 1731 396 1817 dablli
422 1730 608 1827 vuluntate
636 1734 807 1828 perpetuo
830 1730 913 1806 solis
936 1726 1128 1806 dominicis
1146 1750 1187 1805 at
1215 1736 1219 1753 '

248 1834 252 1843 “
283 1828 512 1909 Pentecostes
528 1829 655 1904 diebus
670 1828 831 1929 exceptis
845 1827 978 1929 jejunia
994 1828 1057 1904 fibi
1075 1851 1119 1904 ac
1135 1827 1192 1905 vi·
1209 1802 1228 1965 ζ

283 1926 390 2022 gillas
412 1929 620 2022 imponunt:
670 1952 753 2003 nam
773 1924 974 2003 dominicas
990 1950 1119 2003 omnes
1135 1926 1188 2003 fe·

283 2026 354 2101 llas
383 2021 561 2100 hilaresve
590 2026 768 2101 catholica
793 2026 860 2100 effe
876 2025 992 2102 sanxit
1008 2024 1188 2109 Eccleliat
1216 2000 1228 2055 ¹

283 2149 328 2199 ae
352 2125 513 2199 solennes
538 2138 737 2208 conventus
761 2127 947 2202 matutinis
973 2125 1072 2201 boris
1091 2124 1188 2203 inula
1218 2100 1228 2159 ι

281 2226 357 2309 eit,
389 2242 470 2297 ¹nac
504 2222 577 2297 ulla
602 2222 736 2318 jejunia
762 2225 944 2300 celebrat:
995 2223 1190 2303 absurdunt
1219 2258 1222 2263 ·

242 2318 246 2327 “
280 2326 378 2397 enim
405 2321 471 2406 est,
492 2320 665 2417 vjejunate
689 2323 871 2399 dominico
889 2324 977 2409 diez,
1013 2333 1186 2400 caeterum
1211 2370 1222 2397 .-

257 2435 364 2502 ,ante
393 2419 525 2517 septem
565 2418 743 2516 paschatis
778 2421 857 2495 dies
880 2421 1186 2519 quadragefimam
1217 2398 1228 2455 ¹

279 2520 486 2603 obseruare,
518 2515 608 2594 &in
629 2517 773 2617 jejuniis
788 2519 1034 2618 perseverare,
1049 2520 1186 2596 'eadem
1223 2600 1228 2623 Ι

277 2617 463 2696 consuevit
477 2616 652 2694 Ecclefia:
681 2618 872 2697 dominicis
885 2641 972 2694 vern
981 2617 1095 2695 nullis
1105 2640 1186 2695 om·
1222 2626 1228 2713 ἶ

276 2722 385 2804 nino,
412 2717 574 2816 adeoque
593 2741 659 2791 nec
677 2716 784 2815 ipfius
797 2718 943 2815 quidem
961 2698 1187 2816 quaaragela
1222 2730 1228 2749 ¹

211 2868 214 2875 ·
277 2836 351 2895 mae
372 2815 531 2911 jejunare
553 2815 650 2890 solet.
724 2816 902 2893 Praeterea
927 2815 988 2890 sex
1015 2816 1101 2893 illos
1120 2840 1187 2921 pa·

275 2913 408 2995 dabatis
424 2912 502 2986 dies
521 2912 785 3010 Xenupbaglis‚
817 2914 888 2989 boc
909 2915 972 3002 eli,
1011 2916 1113 3011 arido
1130 2914 1187 2995 vl·

275 3010 334 3090 flu
357 3010 548 3106 tranfigere
569 3013 722 3110 populus
739 3015 857 3089 omnis
880 3014 1066 3103 adsuevit,
1114 3015 1187 3092 bon

276 3112 348 3197 eli,
375 3133 504 3207 panem
520 3110 697 3185 duntaxat
715 3135 797 3190 cum
813 3136 905 3211 aqua
925 3113 984 3189 lnb
1001 3113 1186 3212 vesperam

54 3292 66 3321 x
139 3281 142 3286 .
202 3252 206 3259 κ
277 3211 461 3289 adbibere.
513 3210 628 3287 immo
661 3231 748 3284 aero
776 3212 940 3287 nonnulli
963 3213 1010 3287 ad
1032 3212 1185 3292 biduum

205 3312 210 3321 ’
277 3311 339 3386 vel
373 3310 534 3386 triduum
553 3308 619 3383 ‘vel
650 3309 880 3406 quatriduum
907 3333 1024 3410 usqne
1047 3309 1186 3410 jeJnnia

136 3450 139 3454 =
275 3418 494 3509 prorogant:
529 3408 590 3482 alii
605 3421 718 3484 totam
736 3409 1000 3488 hebdomadam
1018 3412 1184 3509 adusque

224 3582 231 3601 ,
260 3510 458 3599 laqueatis
509 3506 701 3582 dominicae
735 3508 954 3603 gallicinium
991 3508 1065 3586 sine
1098 3509 1183 3591 cibo

140 3613 143 3619 '
277 3609 548 3694 transmittunt:
575 3606 758 3703 pervigilia
775 3629 862 3684 vera
877 3604 937 3681 sex
953 3608 1107 3696 obeunt,
1136 3631 1184 3691 ae
1204 3676 1228 3699 ,

55 3750 59 3761 ·
186 3780 191 3787 ,
274 3706 408 3787 eedem
425 3705 600 3804 synaxes,
627 3728 709 3803 quae
727 3718 807 3784 tota
824 3698 1183 3885 quadragelltnlaopod

1100 3826 1182 3886 tam

1217 2474 1228 2553 -Ρ
