2460 4380
281 266 364 367 roe
434 182 437 197 ¹
499 251 1014 372 superuniuntur:
1111 222 1115 231 ’

277 454 397 531 omnir
411 452 622 549 angelorum
638 452 706 529 Dei
724 454 898 552 popolus,
938 447 994 528 'dr
1018 456 1189 527 pomoer-

275 562 398 629 terunt
413 553 626 640 Cherubim,
660 551 698 629 de
718 575 791 629 una
804 566 952 629 currunt
970 550 1183 646 Seraphim,

275 667 492 748 portantque
512 651 614 729 hunul
634 652 782 740 throni,
832 652 870 728 dr
888 651 1072 726 occultant
1088 648 1184 726 senis

135 791 138 799 ·
274 750 529 848 alir=·praediti,
574 748 614 828 de
638 753 785 827 horrent
803 748 994 828 multoeuli
1014 750 1183 824 videnter

272 848 311 925 in
343 870 450 951 earne
473 848 590 948 Jeium
611 848 727 927 oculis
751 851 949 943 orbatum3
992 846 1030 922 ὰ
1054 860 1182 923 oonte-

271 968 363 1043 gunt
392 948 582 1046 potestates
596 982 619 1031 .·
650 966 786 1026 canunt
808 949 1063 1047 mirrhatum·
1094 945 1183 1021 hor·

269 1061 351 1122 rent
375 1049 539 1135 ordines,
582 1048 831 1147 obstupescunt
852 1069 979 1123 omnes
997 1046 1182 1121 exereitus

268 1146 475 1225 sublimium
489 1160 712 1235 turmarum,
758 1146 795 1222 dt
822 1148 977 1223 iurioem
1002 1143 1180 1221 miraculo

268 1232 425 1322 a'dtoniti
441 1246 648 1322 haeiitanteo
670 1248 891 1345 loquuntur:
914 1244 1003 1343 quid
1022 1242 1094 1317 hoo
1107 1254 1181 1319 ter·

266 1342 372 1419 ribile
385 1344 567 1421 verbum?
615 1348 702 1442 quid
722 1342 857 1421 timot?
906 1344 995 1444 quid
1012 1340 1175 1419 nemori

264 1444 330 1548 qui
349 1442 520 1521 modus?
568 1446 665 1541 qnod
689 1445 758 1520 hoo
787 1447 935 1541 ingene,
976 1439 1181 1519 &omnem

264 1541 435 1640 superans
457 1545 701 1640 coguitionem
722 1540 992 1641 spectaculum?
1039 1542 1101 1617 cui
1115 1542 1180 1617 ad·

263 1639 357 1717 stunt
372 1642 568 1719 Cherubim
595 1666 679 1719 cum
704 1654 885 1729 tremore,
936 1641 1034 1717 huno
1049 1632 1180 1739 joseph

263 1728 542 1820 &Nicodemus
561 1741 734 1838 sepeliunt
749 1740 823 1817 fine
837 1742 988 1821 timore:
1031 1738 1179 1835 qnando

264 1834 459 1927 descendit,
484 1842 546 1937 qui
562 1839 686 1937 supera
703 1863 776 1915 uon
791 1838 966 1916 deseruit:
990 1840 1179 1936 quomodo

263 1937 438 2035 egreiius,
470 1942 533 2039 qui
547 1940 646 2015 intus
667 1937 751 2015 ed?
802 1938 991 2039 quomodo
1015 1938 1178 2013 venitin

263 2049 415 2125 terram,
443 2038 506 2136 qui
527 2039 648 2115 omnia
665 2038 815 2137 implet:
848 2041 907 2114 eni
924 2034 1063 2113 adstant
1081 2036 1179 2112 Che·

262 2138 380 2217 rubim
396 2160 481 2213 oum
499 2149 676 2223 tremore,
704 2138 801 2215 huno
817 2137 947 2239 Joieph
963 2135 1001 2212 dr
1018 2134 1178 2213 Nicode-

261 2252 347 2312 rhus
372 2234 582 2331 sepeliunt?
631 2238 825 2324 Quomodo
848 2239 984 2324 exivit,
1028 2234 1178 2311 conum
1203 2314 1219 2329 ,

261 2333 415 2409 latens?
447 2337 528 2421 Quo
548 2332 649 2433 paeto
666 2334 852 2412 invisrbilis
868 2334 966 2412 visus
982 2332 1061 2408 esti
1093 2334 1177 2422 Quo

259 2434 363 2531 patio
381 2456 511 2529 expers
530 2435 693 2511 muteriae
705 2442 850 2510 curnem
860 2430 1056 2511 adsumit?
1074 2434 1176 2521 Quo-
1215 2449 1218 2501 ῑ

22 2532 26 2540 ’
111 2530 114 2536 ’
257 2531 553 2631 niodopaffionis
570 2554 700 2630 expers
720 2532 934 2629 padusest‘?
980 2534 1218 2621 Quomodo³

255 2635 333 2709 vita
361 2645 517 2710 mortem
539 2633 725 2727 gustavit?
776 2634 969 2721 Quomodo
992 2633 1054 2729 qni
1072 2652 1174 2708 conr·
1209 2635 1216 2666 ⁴

255 2731 448 2830 prehendit
461 2734 594 2818 omnia,
615 2732 801 2828 sepulchro
818 2729 1050 2808 continetur?
1073 2731 1181 2817 Quo·
1210 2804 1213 2818 ,

253 2832 365 2907 modo
390 2830 539 2925 ianuam
569 2832 746 2927 speluncae
770 2831 990 2924 ingreditur,
1039 2831 1102 2926 qui
1116 2829 1172 2927 jou·
1211 2890 1217 2895 .

214 2952 346 3102 ue
373 2926 1215 3123 perehtrihterrueruut:·

250 3126 400 3203 nebrosu
416 3126 630 3202 &umbram
639 3127 769 3202 mortis
780 3127 970 3225 peruenit?
996 3129 1078 3215 Quo
1090 3138 1178 3203 tem·

251 3226 328 3311 dit,
355 3250 427 3324 quo
445 3228 563 3314 vadit,
588 3228 650 3322 qni
670 3251 690 3300 u
707 3243 824 3303 morte
843 3227 997 3325 superari
1017 3250 1089 3300 nou
1107 3250 1169 3323 po-

251 3324 352 3402 tuit?
401 3328 493 3414 Qnae
511 3326 591 3402 haee
610 3328 720 3413 ratio,
750 3328 850 3423 qnod
868 3327 1053 3402 confilium
1069 3325 1170 3402 thim

251 3426 313 3520 qui
349 3425 387 3501 in
416 3424 597 3501 infernum
620 3424 839 3503 descendit?
887 3425 1051 3501 Forsitan
1069 3424 1169 3501 hoa-

251 3547 355 3600 mum
385 3526 701 3600 condemnandum
730 3525 938 3602 &nostrum
957 3522 1169 3601 conservum

166 3664 169 3669 ·
251 3641 294 3699 ut
312 3626 495 3709 educeret,
523 3623 725 3700 descendit:
752 3624 911 3723 profesto
926 3625 1084 3723 primum
1105 3647 1168 3722 pu·

143 3778 150 3791 .
249 3732 393 3801 rentem
423 3740 597 3821 tunquam
625 3726 805 3823 perditam
831 3721 1170 3823 orem-queiirurno

396 3858 400 3867 ·
1040 3824 1168 3901 venit:
