2460 4380
83 274 87 281 -
135 244 144 269 t
281 235 339 333 '58
550 213 622 305 ’3.
653 211 869 332 Epiphanii

247 464 249 469 ·
274 418 343 495 tim
360 437 407 490 ex
423 428 617 514 praecepto,
631 413 761 512 partim
775 438 822 491 ex
836 411 1042 492 induitione
1055 416 1179 495 animi.
1210 444 1226 493 ι

86 506 88 513 ’
193 568 196 573 -
274 516 565 593 Fundamentum
590 512 700 615 igitur
725 537 769 590 ac
792 514 894 591 reiut
915 516 1061 612 crepido
1079 538 1180 614 quae·
1197 540 1226 593 c

273 615 361 691 dam
383 614 420 689 in
440 612 596 690 Ecclesia
610 614 796 709 virginitas
814 613 887 700 est,
912 635 994 711 quae
1013 636 1035 689 a
1053 615 1186 713 pieriae
1211 646 1217 693 2

145 740 148 745 ·
274 737 345 812 que
368 712 523 795 colitur.
567 712 605 788 δι
629 714 667 788 in
687 711 813 789 illustri
832 714 989 809 quadam
1007 714 1122 809 gioria
1137 737 1181 789 ac
1199 718 1226 793 sc

74 870 77 879 .
174 870 182 889 ,
273 811 532 912 praedicatione
572 811 741 889 uersatur.
812 810 1067 905 Virginitatem
1099 810 1226 893 solidi

229 1000 234 1009 ,
273 913 366 1003 tatia
394 913 469 988 uita
495 911 657 1009 proxime
674 902 852 1007 sequitur,
874 930 982 1009 quam
999 914 1037 986 iu
1052 909 1185 1007 pleris·.
1212 944 1226 995 ς

272 1033 345 1109 quc
363 1010 468 1085 sexus
485 1010 673 1106 utriusque
688 1008 878 1086 monachis
895 1008 1072 1085 videmus.
1111 1008 1182 1086 Su·
1213 1042 1221 1091 r

120 1120 128 1138 '
273 1108 433 1185 cundum
466 1109 560 1184 hanc
594 1110 815 1188 continentia
838 1108 885 1183 ad
911 1109 1008 1184 idem
1033 1110 1181 1205 pietatis
1214 1142 1226 1193 ι

273 1208 491 1291 curriculum
506 1206 658 1283 fundata
675 1206 740 1281 esi:
774 1206 904 1282 deiude
921 1206 1078 1283 viduitas
1092 1230 1180 1285 cum
1211 1206 1226 1295 'a

276 1294 441 1405 diligenti
459 1308 646 1395 cautione,
672 1304 817 1381 &casia
837 1305 923 1381 uitae
935 1307 1076 1380 ratione
1093 1328 1183 1381 con«
1216 1340 1226 1393 t

275 1404 406 1504 juniis.
459 1405 540 1481 Post
567 1406 703 1501 gradus
727 1402 818 1481 iilos'
835 1402 873 1480 dt
903 1406 1047 1479 ordines
1077 1404 1183 1481 suum
1217 1442 1226 1489 :

277 1526 422 1602 quoque
436 1503 559 1579 locum
576 1504 740 1579 obtinent
752 1503 909 1580 honcflae
923 1505 1071 1597 nuptiae,
1097 1525 1183 1600 quau

83 1586 88 1601 '
124 1672 130 1679 .
170 1664 185 1693 ,.
222 1644 227 1655 ·
276 1606 465 1698 magnoin
482 1604 618 1678 honore
635 1602 733 1691 sunt,
759 1599 953 1700 praesertim
970 1601 1182 1698 fingularcs,
1220 1640 1226 1649 ·

241 1754 244 1761 -
277 1726 322 1789 ac
337 1701 486 1778 minime
501 1703 664 1798 repetitae
679 1753 688 1789 ,
740 1725 823 1797 quae
838 1714 1100 1798 praeceptorum
1116 1701 1184 1777 ob,

275 1800 467 1877 ferrutioni
484 1801 640 1878 student:
666 1804 763 1897 quud
778 1799 886 1898 nquts
901 1815 1044 1877 mortua
1052 1817 1183 1889 uxore,

277 1899 338 1972 vel
359 1901 488 1977 mulier
504 1896 649 1975 mortuo
664 1898 741 1974 viro
756 1899 794 1973 id
811 1898 988 1983 uoluerit.
1025 1899 1184 1977 altemr'u

278 1999 396 2074 virum
433 2020 629 2074 uxoremve
662 1998 839 2074 duntaxat
868 1997 943 2092 post
968 1994 1183 2075 alterutrius

135 2120 150 2133 “
273 2092 414 2188 obitum
431 2097 495 2173 libi
513 2082 703 2189 adsciscere
718 2096 819 2173 libet.
853 2094 997 2192 Horum
1016 2099 1184 2177 omnium

276 2194 379 2269 velut
394 2194 591 2291 fastigium,
632 2195 671 2273 dt
685 2207 726 2271 ut
742 2197 793 2272 ita
808 2195 950 2281 diuam,
994 2198 1122 2272 matris
1135 2218 1184 2273 ac

276 2293 461 2391 genitricis
491 2292 613 2369 locum
652 2288 809 2371 seusium
848 2293 912 2370 sibi
942 2295 1184 2375 sacerdotium

273 2391 467 2483 ¹vendicat,
515 2390 613 2492 quod
635 2413 683 2466 ex
707 2391 897 2488 Virginum
915 2393 1040 2473 ordine
1053 2395 1183 2492 praeci·

222 2543 227 2554 .
275 2501 351 2591 ¹pun
368 2490 519 2578 cunstat,
546 2489 776 2583 autstminus
801 2516 848 2567 ex
862 2492 1077 2587 virginibus,
1103 2515 1184 2569 uer·

276 2592 316 2683 [te
331 2590 596 2676 exmonachis,
619 2597 684 2664 aut
700 2586 763 2665 nist
779 2615 825 2667 err
842 2591 1183 2684 monachorum‘or·

275 2690 362 2763 diue
391 2686 565 2766 edilium
590 2688 806 2767 funsiionem
831 2689 1033 2766 obeundam
1055 2691 1183 2771 idonci

276 2789 438 2882 cooptari
462 2787 607 2884 possunt,
638 2811 686 2883 ex
701 2787 760 2863 his
777 2788 891 2865 creari
905 2788 1107 2868 sacerdotes
1121 2790 1184 2867 so·

276 2887 379 2984 lent„
411 2887 473 2983 qui
495 2909 518 2960 a
540 2882 610 2959 suis
634 2883 666 2959 se
683 2886 858 2964 uxuribus
875 2888 1182 2985 continentium

209 3042 212 3057 .
277 2983 472 3071 secuudum
500 3003 591 3059 unas
614 2983 758 3082 nuptias
783 2987 821 3061 in
846 2985 1020 3062 viduitate
1036 2986 1182 3081 versane
1223 3034 1226 3079 Ι

276 3093 355 3155 tur:
395 3080 561 3157 secundis
583 3103 666 3157 vero
688 3084 822 3181 nuptiis
842 3084 1040 3183 implicitus
1054 3086 1184 3164 mtte-
1221 3166 1226 3175 ,

276 3177 382 3254 cleda
400 3181 446 3255 ad
463 3178 697 3257 sacerdotium
712 3203 786 3257 non
801 3182 1016 3271 admittitur,
1035 3182 1183 3270 tametsi
1220 3204 1226 3283 p·

136 3330 144 3371 ι,
275 3289 341 3359 aut
361 3278 430 3353 sese
446 3281 492 3357 ab
518 3298 631 3355 uxore
654 3281 856 3375 contineat,
890 3297 955 3361 aut
968 3279 1011 3359 fit
1025 3284 1177 3373 uiduus
1219 3328 1226 3383 1

15 3416 43 3443 ··
275 3375 456 3473 ejusmodi
478 3377 647 3551 inpunita.
677 3378 724 3454 ab
739 3381 923 3477 Episcopi,
952 3383 1174 3481 presbyteri,
1220 3430 1226 3483 Ι

195 3530 202 3543 .
278 3474 420 3551 diaconi
436 3473 524 3553 &su
551 3474 692 3553 diaconi
706 3480 822 3575 gradu
832 3478 1002 3576 rejicitur.
1037 3480 1178 3560 Secun.
1220 3532 1226 3583 Ι

178 3639 182 3650 ,
277 3576 365 3653 dum
394 3574 463 3650 hos
486 3574 618 3671 grados
639 3574 813 3658 latiorum
832 3580 922 3653 ordo
943 3603 991 3653 ex
1006 3582 1177 3663 omnibus
1212 3626 1226 3681 -p

180 3728 183 3733 ,
252 3674 464 3799 wisi?
491 3672 581 3772 engi
605 3674 741 3774 potest,
787 3677 826 3755 h.
843 3700 876 3755 e.
906 3677 1179 3777 evirantur,
1223 3730 1226 3775 ι
