2460 4380
138 262 148 285 '
218 249 535 372 inrseptrlru'rum
564 249 747 345 Domini.
865 172 948 375 nup

41 453 158 549 guina
179 452 296 530 fluens
322 452 414 531 illud
435 453 515 553 Jelu
537 453 734 551 abstergere
757 450 871 530 audes
893 454 948 531 la·

41 564 136 641 trusa
197 555 236 630 ui
254 551 431 652 profluuio
451 552 630 649 sanguinis
653 554 876 629 laborantem
894 554 950 631 saa

43 654 150 729 navit
231 649 314 729 ns?
362 650 497 739 Quales
521 672 608 728 vero
627 650 670 728 dr
691 651 877 747 lampades
890 655 948 730 iu·

22 752 182 843 ,nendos
207 772 304 828 terae
327 748 402 827 luni
424 749 642 827 illuminanti
662 774 808 827 ornnem
828 751 949 829 homi·

46 848 168 928 nemi
197 850 333 937 Quales
349 852 512 925 cantabis
530 848 584 925 illi
603 848 770 927 funebres
786 852 959 939 naenlas,·

116 946 203 1025 dine
225 948 303 1025 ullo
321 945 460 1025 filontio
477 948 644 1025 laudatur
660 951 706 1023 ab
721 948 821 1028 omni
839 949 950 1025 coele-

109 1043 314 1125 exereitui
360 1070 448 1123 num
485 1070 571 1125 vero
603 1047 784 1143 lacrymas
816 1069 879 1144 pro
902 1072 963 1124 eo·

45 1145 193 1236 fundes,
214 1158 257 1221 nt
274 1156 438 1234 mortno,
464 1149 526 1245 qui
544 1147 769 1244 lacrymavit,
795 1146 833 1223 dt
850 1169 963 1224 mor*

46 1256 153 1322 tuum
187 1245 690 1344 Lazarum·:.quatriduanum
732 1242 949 1325 lnidtaviti

46 1344 357 1421 nnmledumeum
365 1343 487 1432 iacies,
519 1357 579 1443 qut
592 1344 759 1423 omnibus
774 1344 949 1441 gaudium

46 1443 198 1541 largitur
213 1441 278 1531 eli,
314 1440 352 1519 dr
368 1443 544 1521 tristitiam
562 1445 651 1520 Erae
666 1442 847 1519 uthotvit‘t
894 1454 953 1521 at·

10 1611 14 1646 :
48 1554 170 1619 tamen
186 1542 312 1660 beatas
327 1541 448 1639 judico
465 1557 549 1619 tuas
569 1565 721 1633 manus,
760 1568 784 1617 o
800 1540 950 1651 loseph!

10 1641 750 1855 hrmtthrrrthauhut
763 1639 953 1818 tartha

12 1859 18 1898 ³
48 1836 191 1935 pedes?
234 1838 547 1939 beataspraedrco
569 1853 653 1917 tuas
677 1863 827 1927 manua,
865 1860 965 1937 quan·-

13 1910 20 1996 ’τ
47 1938 376 2039 adpropinquarunt
398 1936 466 2013 Dei
496 1937 601 2016 lateri
625 1938 795 2036 languine
823 1937 950 2015 liuenti

10 2058 12 2095 =
46 2048 130 2114 ante
144 2038 324 2115 Thamara
342 2036 486 2114 fidelem
502 2037 752 2125 incredulum,
777 2037 815 2113 dr
830 2039 949 2113 curio·

10 2128 15 2201 '¹
45 2138 119 2215 inm
149 2136 381 2213 laudabilem.
451 2136 608 2213 Beatum
638 2135 720 2211 dico
752 2147 856 2211 tuum
880 2154 947 2222 os,

10 2215 23 2311 ¹!
45 2236 141 2335 qnod
155 2234 382 2333 noniunstum
401 2235 456 2311 orl
470 2234 549 2336 Jelu
562 2233 700 2334 Spiritu
715 2232 831 2310 santio
847 2233 948 2311 illino

10 2317 23 2383 ·'
45 2336 221 2435 repletum
234 2334 283 2409 eli
298 2332 565 2411 insatiabiliter:
613 2334 740 2411 beatos
757 2346 843 2411 tuos
856 2356 946 2412 oeu-

10 2444 23 2560 ΙΙ
45 2434 116 2509 los.
129 2432 311 2531 adpolitos
336 2433 415 2532 Jelu
434 2433 554 2510 oculis
571 2471 599 2521 ‚·
629 2437 668 2511 dr
685 2431 804 2510 lucem
823 2456 951 2509 ueram.
1096 2524 1105 2533 .

10 2546 17 2599 l
44 2534 145 2611 illine
157 2532 374 2611 adhcutos:
409 2531 552 2641 ⁸beatos
567 2547 651 2609 tuos
666 2532 859 2619 barnerus,
884 2532 948 2627 qui

12 2569 22 2771 r,
45 2646 355 2731 patremmeum,
380 2634 441 2728 qui
458 2654 585 2706 omnes
607 2642 750 2729 portat:
799 2634 970 2705 beatum·

10 2758 18 2823 ¹,
44 2744 287 2829 intumuerant,
327 2733 385 2805 rui
411 2731 710 2826 adpropinquavit
725 2729 969 2828 Jeluseaput

43 2832 216 2915 omniurn:
233 2832 380 2905 beatum
395 2828 714 2927 judicoJolephum
734 2827 772 2903 dr
790 2825 947 2904 Nicode·
967 2898 971 2907 .

42 2931 169 3022 mutin
221 2952 308 3005 nam
331 2928 526 3005 Cherubim
555 2927 812 3007 anteuefferunt
829 2927 971 3003 Deum·

10 3064 13 3091 =
41 3030 79 3107 in
96 3028 231 3128 ieipiis
245 3027 463 3103 extollentes
487 3027 523 3103 dr
548 3027 748 3124 gestantes:
797 3025 948 3123 angelus

40 3126 300 3207 mteoefferunt
316 3126 491 3201 lenientis
511 3128 704 3221 praeditus,
751 3126 818 3199 Dei
841 3125 970 3203 mini·-

39 3227 99 3307 liri
113 3225 208 3312 fatil,
228 3250 270 3301 nc
286 3250 357 3300 non
375 3225 444 3301 alis
462 3223 519 3300 sed
535 3226 742 3302 sindonibus
750 3224 948 3299 Dominum

38 3336 281 3403 contexerunt
295 3323 333 3400 dt
350 3323 582 3400 honorarunt.
615 3327 732 3413 Quem
749 3322 947 3398 Cherubim

38 3438 222 3511 tremunt,
271 3424 368 3499 hunc
390 3424 429 3499 in
455 3423 616 3500 humeris
638 3418 817 3524 ioseph&
834 3421 972 3495 Nino-..

36 3526 169 3602 demus
179 3520 331 3608 ierunt,
356 3522 394 3599 dt
411 3543 537 3597 omnes
553 3525 844 3619 incorporeorum
862 3519 944 3613 Spi-

34 3626 174 3701 rituum
183 3623 328 3698 ordines
344 3620 600 3719 obstupescunt.
656 3622 762 3699 Venit
778 3624 873 3696 enlm
884 3620 944 3717 Jo-

35 3724 123 3827 lttph
146 3722 185 3801 dt
207 3722 487 3898 Nicodemuer
511 3722 620 3816 igitur
647 3716 943 3819 consumebat&

56 3850 133 3897 ··..,
169 3862 175 3893 .-
514 3847 535 3919 3
821 3839 941 3906 omnis,
