2460 4380
259 229 349 315 odo.
373 225 536 348 hareses
560 226 652 322 Lis.
683 229 761 319 lll.
898 248 957 343 39

45 422 267 513 monachis,
292 428 583 516 contineutibus,
616 429 737 506 uiduis
752 427 791 505 dr
806 430 871 516 sis,
894 431 958 527 qui

10 594 12 607 .
46 524 216 603 nonestis
226 528 470 605 matrimoniis
482 526 668 623 illigantur
674 551 686 619 ;
707 531 783 605 iuro
796 528 821 602 li
836 529 959 605 neces·

10 636 12 641 ’
45 624 138 705 filas
157 624 310 711 colent,
331 651 379 700 er
393 626 468 703 illis
483 629 594 703 etiam
608 627 871 715 adsciscuntur,
895 628 959 725 qui

45 726 126 823 poll
140 724 280 821 prioris
295 725 419 799 uxoris
434 726 573 801 obitum
590 750 673 802 cum
684 726 797 801 altera
811 726 882 801 sese
895 751 959 802 co·

10 868 14 989 ι
44 822 245 921 pulrruut:
289 825 422 922 quippe
443 824 573 900 Leslor
598 850 672 901 nou
696 825 862 901 sacerdos
885 824 955 913 cll,

44 924 109 999 led
130 936 312 1015 unquam
333 924 446 1003 diuini
466 926 567 1000 uerbi
590 924 723 1000 scriba:
748 922 961 1001 Diaconidae

44 1043 138 1099 reru
166 1020 338 1097 adhunc
365 1046 478 1097 unum
498 1022 600 1097 usum
623 1023 863 1111 adhibentur,
916 1037 961 1099 ut

48 1120 251 1199 mulierum
265 1121 408 1195 decoris
422 1121 461 1197 dr
476 1120 672 1197 honestatis
684 1122 797 1198 caussa
813 1120 882 1198 siut
892 1122 960 1197 nd-

47 1216 246 1303 uiiulflrae,
269 1218 297 1293 fi
318 1220 357 1294 id
372 1220 467 1295 sorte
484 1219 620 1295 necesse
633 1221 762 1307 fuerit,
787 1221 859 1296 five
874 1245 959 1297 cum

48 1318 238 1415 baptism
266 1318 454 1394 iuidnndae
478 1319 584 1405 sunt,
636 1316 812 1396 beccum
833 1342 959 1395 carum

50 1438 207 1515 corpora
234 1416 505 1513 perserutrudn:
554 1418 629 1495 illae
644 1417 790 1515 quidem
806 1419 960 1493 uuiuirae

50 1514 87 1591 dr
103 1516 338 1589 continentes
354 1516 423 1593 effe
438 1518 590 1603 debent,
617 1518 674 1593 uel
692 1518 769 1612 post
784 1540 876 1594 uuas
892 1542 961 1592 uu·

51 1616 148 1710 prins
170 1614 295 1689 viduae
315 1614 375 1688 vel
394 1630 577 1712 perpetuae
592 1615 762 1711 uirgines.
812 1612 895 1691 Posi
916 1616 960 1688 il·

52 1712 106 1787 los
142 1736 275 1791 omues
316 1713 461 1788 ordines
489 1716 660 1811 deinceps
683 1713 879 1789 Erorcillae
908 1713 961 1787 le·

53 1826 233 1909 quuntur,
255 1810 514 1907 &linguarum
532 1815 747 1909 interpretes
764 1828 840 1889 tam
856 1816 894 1889 iu
907 1811 961 1886 le-

54 1911 251 1997 llionibus‚
285 1932 395 2007 quam
412 1914 451 1987 in
466 1913 724 1987 concionibus:
766 1915 961 2008 sequuntur

55 2010 304 2098 laboratores,
329 2011 392 2106 qui
408 2023 634 2087 mortuorum
649 2032 798 2105 corpora
812 2024 960 2100 ourant;

54 2112 201 2197 domurn
219 2106 397 2205 janitores
421 2135 465 2183 ac
484 2108 614 2206 reliqui
628 2109 822 2205 disciplinae
843 2109 961 2183 caussa
1068 2168 1073 2183 ,
1179 2112 1187 2129 “

55 2210 205 2285 ordiner
227 2205 390 2285 instituti.
437 2206 541 2283 Sacri
573 2228 680 2304 porro
702 2220 903 2282 conventus
920 2206 960 2282 dr
1033 2248 1036 2255 ·

54 2308 212 2405 synaxes
231 2308 278 2381 ab
292 2305 473 2402 Apostolis
497 2305 647 2381 instituti
659 2305 771 2392 sunt,
818 2307 877 2381 his
896 2329 963 2402 po·

54 2404 226 2485 nffimum
243 2405 390 2492 dicbus,
414 2418 543 2500 quarta
557 2406 596 2481 dt
614 2403 714 2479 sexta
729 2403 819 2480 serit
840 2404 878 2482 δι
894 2408 962 2479 do-

54 2506 200 2581 uicina.
250 2503 344 2579 Item
368 2520 497 2601 quarta
510 2503 550 2580 dr
570 2503 669 2578 sexta
684 2503 774 2579 ferin
785 2501 964 2598 jejunium

53 2606 99 2681 rd
111 2604 247 2679 hornut
262 2625 380 2698 usque
399 2626 535 2679 noram
552 2602 744 2678 iudisiurn:
775 2615 964 2698 propterea

52 2704 153 2799 quod
169 2714 301 2799 quarta
315 2702 406 2778 seria
420 2700 697 2798 comprehensus
712 2699 761 2774 cll
770 2699 963 2785 Dominus,

53 2802 90 2879 dr
103 2802 211 2877 sexta
223 2801 263 2874 in
277 2824 384 2878 cruce
399 2799 573 2876 sublatus.
606 2800 693 2875 ldeo
709 2821 771 2895 per
786 2799 871 2874 illos
883 2799 964 2873 dies
999 2883 1004 2893 ¹

50 2898 292 2999 jejunandum
313 2899 382 2975 else
403 2901 641 2975 decreuerunt
662 2895 847 2994 Apostoli:
897 2920 963 2972 ue·

52 3022 125 3095 que
145 3020 236 3074 vcro
255 3009 299 3073 ut
313 3001 350 3074 ei
364 2998 625 3092 gratificentur,
657 3001 718 3091 uui
735 2996 850 3073 nostru
865 2995 965 3073 caus·

52 3098 90 3177 sa
113 3096 235 3197 passus
256 3095 332 3184 cst,
374 3095 535 3172 instituta
548 3093 796 3193 suutjejuniu,
835 3096 896 3171 scd
923 3109 965 3171 ut
1032 3128 1037 3167 l

53 3197 184 3273 salutis
207 3194 336 3273 nostrae
359 3194 477 3271 mussa
495 3196 676 3272 cruciatus
695 3194 780 3271 illos
797 3195 965 3287 proliten-

52 3316 160 3382 mur,
193 3316 287 3391 quos
306 3296 495 3394 pronubis
512 3295 691 3371 Dominus
707 3293 777 3389 ipse
793 3291 961 3384 suscepit,

10 3416 14 3503 '
51 3389 964 3584 istis,stasilitltstidffisslf

30 3592 199 3691 ¹juusutrt
222 3602 302 3666 tolo
327 3615 423 3665 auno
447 3594 485 3667 iu
507 3589 665 3665 Ecclesia
686 3587 864 3664 catholica
880 3588 964 3661 dili·
1002 3620 1005 3627 ·

52 3704 187 3791 genter
210 3690 428 3770 obserentur.
477 3690 614 3777 Quarta
635 3688 690 3765 uti
707 3688 804 3777 dixi,
843 3689 965 3884 sugg:
