2392 4372
138 140 194 315 ‘de
218 206 455 354 pondcn‘ircc
478 235 537 357 ξφ
564 232 769 352 mensuris.
800 310 803 321 .
837 198 923 357 πύξ
1008 206 1010 211 ι

66 428 289 517 ret-indies·
308 448 390 505 cum
413 430 464 505 ob
489 432 526 507 id
547 456 568 506 a
595 429 770 529 magistris
801 434 922 532 objur-

66 536 129 601 tns
162 550 205 612 ac
237 528 488 625 reprehensus,
518 534 710 607 emendare
739 532 810 609 sese
841 536 918 608 nol·

65 640 106 699 tt*
127 626 203 700 imo
232 648 318 702 vero
357 631 588 725 pervicaciter
615 630 802 708 obtestans
832 634 919 709 salsa
983 646 987 653 '

65 726 188 799 raedam
214 727 433 824 minimeque
452 730 671 807 cohaerentia
688 733 779 807 tueri
797 757 841 806 nc
858 735 922 806 de·

65 820 179 897 odere
191 823 319 899 vellet:
359 838 400 900 ut
416 838 503 923 pute
521 829 655 917 saturn,
681 831 919 927 &quaecum

65 938 245 1008 connexe
260 924 355 1010 sunt,
383 924 500 1001 ruisus
515 932 559 1001 ab
575 928 730 1004 Ecciefia
748 945 918 1027 tanquam

65 1019 395 1099 ,sulutem'minime
417 1024 571 1101 idoneus
587 1025 719 1124 ejetiu's
735 1029 792 1102 eti.
838 1032 917 1115 Qua

65 1122 216 1197 romioia
238 1124 483 1199 'vehementer
514 1125 750 1202 exacerbatus
784 1128 821 1203 dc
849 1129 916 1203 tto·
1141 1126 1144 1133 ’

65 1222 93 1289 to
114 1224 273 1316 quodam
309 1222 548 1302 mentis‘aestu
577 1225 734 1320 percitus
759 1225 916 1302 christia·

67 1338 101 1398 tn
121 1319 367 1416 proseffiooem
391 1320 525 1420 ejurat.
551 1322 697 1400 &inter
708 1324 916 1424 Judaeotum
1026 1410 1029 1421 ,

65 1421 216 1519 oseiytos
228 1419 427 1517 adscriptus
440 1416 486 1521 μό
502 1422 730 1499 circumcisus
748 1421 807 1497 est.
856 1423 916 1500 ln·
1006 1418 1022 1427 ”

87 1529 206 1601 toturn
227 1522 261 1595 se
278 1520 454 1599 hebraicis
469 1522 585 1599 literis
608 1522 831 1601 addiscendis
853 1546 915 1597 ve·

65 1622 188 1701 meriti·
215 1642 310 1696 curn·
337 1621 448 1719 animi
486 1620 717 1697 contentione
755 1622 913 1696 tradidit.

65 1744 132 1809 nm
156 1738 238 1795 com
277 1724 419 1817 egregie
444 1721 659 1821 penitusque
688 1721 911 1819 percepisset,

84 1816 392 1915 interpretandum
416 1819 450 1894 se
468 1820 641 1907 contulit,
675 1842 746 1894 non
777 1819 911 1896 sincera

65 1918 123 1994 sini
148 1916 372 2008 induitione,
395 1916 456 1993 sed
474 1932 517 1994 ut
539 1919 708 2016 quedam
728 1917 909 2017 scripturae
990 1926 994 1935 '

65 2038 91 2092 tr
121 2018 353 2112 depravaret.
388 2014 556 2092 adsersus
595 2040 654 2114 72·
692 2016 924 2110 Interpretes'

65 2127 185 2215 petum
209 2138 354 2191 omnem
377 2129 617 2213 conatumque
642 2114 820 2209 dirigens:
851 2127 908 2188 rt·

65 2224 147 2292 ent
172 2214 328 2308 expressa
355 2213 462 2289 sacris
486 2215 600 2290 literis
625 2212 672 2289 de
693 2214 831 2289 Christo
851 2227 908 2288 te·

65 2318 172 2391 nontn'
195 2312 298 2388 aliter
325 2313 464 2400 ederet,
490 2316 654 2411 quo'non
680 2311 820 2389 nullum
843 2332 928 2406 pu·¹

65 2412 391 2508 tiigonmintaeque
413 2411 492 2490 sure·
508 2412 565 2487 vei
591 2409 782 2490 absurdum
810 2411 926 2487 colo·

65 2536 87 2591 n
110 2512 148 2589 dt
172 2513 438 2591 excusationem
470 2524 660 2612 quaereret.

104 2704 173 2806 ¹3)
209 2708 305 2783 Hinc
340 2706 492 2782 secunde
524 2704 773 2801 scripturarum
799 2703 910 2779 inter·

65 2810 166 2883 ttatio
186 2812 232 2880 nb
255 2807 319 2881 ilio
340 2806 512 2903 originem
533 2802 682 2891 habuit,
705 2813 808 2877 uoto
834 2798 910 2896 post

65 2926 165 2980 orem
204 2905 414 2992 intervallo,
462 2917 504 2980 ut
551 2917 660 2981 antee
699 2898 908 2993 scripsimus.

65 3003 147 3081 siem
165 3005 235 3078 hoc
257 3002 339 3078 ioco
366 3023 667 3087 commemorare,
694 3022 776 3099 qnae
797 3002 842 3076 ab
864 3023 910 3073 eo

65 3115 178 3199 rrnpta
210 3104 473 3199 depravataque
502 3100 600 3187 sunt,
631 3100 831 3195 exquibus
855 3120 911 3170 te·

65 3200 402 3298 gut-conturarrque
421 3198 531 3297 posset
547 3199 648 3276 illins
666 3198 789 3272 editio.
840 3195 913 3273 Vc·

65 3325 89 3375 n
117 3323 200 3375 cum
226 3301 272 3374 de
288 3299 435 3376 tuarum
454 3299 616 3379 omnum
631 3295 922 3370 cancianorum·
1061 3334 1064 3341 ·

65 3398 211 3485 crimine
227 3399 327 3494 supra
347 3396 581 3483 disseruerim,
609 3417 722 3492 pauca
739 3388 802 3468 ita
817 3389 910 3473 suffi-

65 3518 92 3572 'e
131 3498 293 3573 arbitror.
344 3492 426 3571 Pon
455 3493 626 3608 Aquilam
647 3490 686 3569 dt
704 3489 780 3586 ejus
800 3491 911 3565 inter·

65 3596 246 3670 irationem
263 3593 418 3670 discedit
426 3592 587 3668 Adriano
596 3591 801 3668 Antoninus
811 3588 911 3675 Pius,

65 3696 119 3774 tm
141 3694 281 3791 excipit
298 3692 516 3866 Cettcrlsrfi*
531 3691 628 3769 hunc
642 3688 776 3767 Lucios
793 3686 917 3861 ripre-r

529 3815 554 3887 4
851 3805 908 3863 ms
979 3846 981 3853 ,
