2460 4380
246 249 335 334 odo,
366 242 522 364 hereses
549 242 631 334 Lib.
647 242 745 335 Ill.
894 267 948 383 52
999 172 1006 177 -
1082 375 1083 378 Ν

56 444 220 543 Exempli
239 444 371 521 cauila:
408 444 503 541 apud
519 444 626 521 Seras
646 445 713 521 viri
730 443 880 543 capillos
896 445 955 521 in«

10 600 12 608 ι
56 558 242 643 torquent,
275 567 320 618 ac
335 543 433 637 domi
451 543 603 619 resident
615 554 631 629 ,'
652 545 844 640 unguentis
861 543 953 619 deli·

10 704 14 725 .
35 646 151 732 tbuti,
202 668 247 719 ac
266 642 559 721 muliebri.cultu
580 642 618 718 δι
633 641 832 730 lenocinio,
879 664 954 738 qno

10 770 18 821 r
57 744 227 819 uxoribus
244 742 431 837 placeant,
457 742 628 838 expoliti:
667 744 869 818 econtrario
885 743 954 817 fue·

10 870 23 923 r
57 842 161 921 minae
192 840 297 916 tonso
323 839 441 938 capite
467 841 563 917 virili
587 839 734 936 cingulo
756 841 957 938 praecinllae

10 974 24 1033 ι,
57 940 309 1035 agriculturam
325 950 516 1015 exercent:
552 940 647 1037 apud
666 939 778 1015 Gelos
796 939 957 1037 peruersa

11 1084 25 1105 ·
58 1039 298 1117 rationemaia
306 1049 527 1137 perpetrant,
544 1061 586 1111 ac
600 1037 681 1134 ipfis
698 1040 840 1134 legibus
857 1058 959 1115 com·
1052 1036 1055 1041 ’
1108 1123 1117 1140 .

10 1142 25 1214 'e
57 1140 282 1221 mentiantur.
331 1136 409 1236 Jam
428 1138 523 1233 apud
545 1138 695 1213 Graecos
717 1160 825 1235 quam
841 1138 958 1215 multa
1052 1150 1053 1155 ‘

10 1263 25 1319 n
58 1237 194 1317 ulteria
208 1238 312 1311 sunt:
347 1237 401 1311 nti
418 1237 600 1330 Megarica
625 1237 817 1314 mulierum
838 1236 957 1326 sacra,

10 1368 23 1421 ι,
59 1336 333 1432 Tesmophoria,
367 1354 519 1431 quorum
538 1336 629 1411 ritus
648 1359 670 1410 a
694 1336 729 1411 se
743 1346 873 1414 mutuo
889 1335 959 1412 rit·

10 1460 22 1514 t
59 1446 215 1534 erepant.
273 1433 588 1519 TumEleuhana,
623 1436 763 1532 quaein
784 1435 959 1510 honorem
1070 1463 1073 1467 ·

58 1538 197 1611 Cereris
219 1556 263 1608 ac
286 1531 505 1629 Proserpinae
524 1533 771 1619 celebrantur,
822 1534 860 1609 δι
876 1554 958 1631 quae

58 1636 129 1710 illic
160 1638 197 1709 in
225 1630 470 1728 penetralibus
502 1631 666 1708 obscoena
696 1632 874 1708 committi
906 1630 962 1703 io·
1025 1691 1047 1731 .·

55 1733 152 1809 leotz
174 1731 291 1809 veluti
304 1752 388 1805 cum
409 1731 579 1806 mulieres
598 1733 845 1807 denudantur:
869 1730 963 1805 adde
1049 1788 1056 1805 .

57 1832 275 1928 erythra,
317 1849 402 1924 quae
429 1824 471 1907 in'
494 1831 668 1906 honorem
688 1831 910 1908 Archemori
926 1829 999 1906 δι’
1073 1872 1078 1883 ·
1197 1854 1200 1873 ²

57 1930 222 2017 isthmia,
266 1929 408 2025 quaein
431 1927 667 2004 Athamantis
699 1929 737 2007 cit
766 1929 965 2005 Melicertae
997 1968 1008 2008 ,-

57 2032 144 2107 lnus
170 2029 236 2104 iiiii
264 2028 476 2104 memoriam
501 2029 719 2105 indicuntur.
770 2031 862 2104 Item
881 2028 965 2114 ece,

58 2132 119 2226 qui
156 2125 318 2225 phallnm
351 2126 633 2203 circumfemnr:
696 2125 824 2203 adhaec
854 2126 969 2202 Rheae

60 2230 220 2303 rinitores
244 2227 366 2309 virus,
397 2226 458 2322 qui
482 2236 626 2301 teneros
650 2246 763 2317 nares¹
779 2224 967 2311 exsecant,

56 2330 96 2407 ἃ
128 2326 247 2403 virilia
272 2325 422 2406 iundtus
447 2338 664 2423 amputant:
714 2325 794 2400 sunt
814 2323 852 2400 uc
882 2325 965 2413 alii,
1088 2342 1090 2349 '
1128 2408 1131 2413 ,

10 2484 14 2503 .
58 2425 289 2524 Dycniliaci,
325 2424 384 2518 qui
402 2424 593 2500 Curreturn
620 2422 727 2500 iactis
752 2423 790 2501 e
807 2425 968 2502 carnium
1089 2468 1109 2491 ν
1154 2416 1159 2441 ‘

10 2584 12 2589 -
59 2524 225 2603 divisioni
237 2523 377 2598 initiare
394 2522 526 2610 solent,
551 2525 713 2599 coronati
733 2521 967 2621 serpentibus,

60 2638 239 2708 ovantes,
272 2621 311 2696 ἀ
334 2644 397 2696 nvo
419 2645 483 2695 ouo
505 2620 763 2706 vociferantes,
807 2623 878 2703 hoc
893 2622 966 2710 eu,
1137 2701 1140 2707 ,

62 2724 180 2801 Eram
204 2722 327 2808 illam,
359 2742 467 2816 quam
494 2720 635 2816 serpens
659 2720 821 2816 decepit,
860 2720 964 2795 invo-
1001 2740 1008 2747 ·

62 2834 209 2909 cantes:
233 2844 318 2895 nrm
334 2821 430 2907 Eva,
455 2818 479 2894 sr
496 2819 596 2895 tenui
606 2816 734 2916 spirim
750 2819 963 2912 pronuncie-

62 2934 144 3009 tnr,
177 2919 365 2997 foeminam
384 2917 576 3014 fignificat,
604 2914 655 2994 ho
678 2917 866 3015 aspiretur,
899 2918 963 2994 he·
1032 2962 1045 2977 —-

62 3021 153 3199 graei
170 3020 242 3098 hcc
258 3019 456 3112 vocabulo,
487 3018 612 3109 Heca,
644 3014 840 3119 serpentem
857 3014 963 3104 intel
1179 3024 1184 3031 “

79 3122 193 3221 'gunt
250 3122 253 3126 ’

157 3316 268 3396 Nunc
298 3317 348 3393 de
372 3315 564 3402 catholicae
592 3314 760 3392 Eceieiiae
782 3312 965 3391 lanilioni·
979 3309 1109 3421 Ocelim

67 3419 136 3495 bur
154 3444 199 3494 ac
213 3418 355 3512 legibus
370 3438 484 3513 panca
501 3416 592 3492 mihi
608 3414 743 3491 neceffe
759 3414 827 3498 eli,
850 3414 965 3511 deque
976 3398 1120 3495 Elim*

69 3540 192 3595 earnm
218 3519 336 3592 forma
360 3517 480 3613 aliqua
505 3516 630 3590 saltem
654 3537 702 3588 ex
727 3530 827 3609 parte
852 3485 1049 3609 perse-flm-

70 3616 153 3712 qui:
202 3614 622 3714 quaecunque-nimirum
654 3617 793 3709 proprie
815 3611 903 3691 olim
929 3612 969 3688 in

14 3686 27 3947 Ι
69 3716 142 3815 iple
160 3715 298 3797 sertata
314 3714 418 3808 lunt,
439 3714 629 3809 hodieque
652 3712 853 3800 ferrantur,
888 3734 971 3813 par-

473 3813 581 3910 'Ds
696 3836 718 3869 *>
902 3818 971 3891 tim

10 3982 39 4344 l.
